=LDR  01972pam a2200553 u 4500
=001  012781783
=003  Uk
=005  20130926130529.0
=008  040420s2004\\\\cau\\\\\\b\\\\001\0\eng\\
=010  \\$a2004049843
=015  \\$aGBA514500$2bnb
=016  7\$a012781783$2Uk
=019  u\$aG10079810
=020  \\$a0520242270 (v. 1 : pbk.) :$cNo price
=020  \\$a0520242289 (v. 2 : pbk.) :$cNo price
=040  \\$aUk$beng$cUk
=041  1\$aeng$hfre
=042  \\$aukblsr
=050  00$aPN1994$b.B3513 2004
=082  00$a791.43$222
=100  1\$aBazin, André,$d1918-1958.
=240  10$aQu'est-ce que le cinéma?$lEnglish
=245  10$aWhat is cinema? /$cby André Bazin ; essays selected and translated by Hugh Gray.
=250  \\$aNew ed.
=260  \\$aBerkeley ;$a[Great Britain] :$bUniversity of California Press,$c2004.
=300  \\$a2 v. ;$c21 cm.
=336  \\$atext$2rdacontent
=337  \\$aunmediated$2rdamedia
=338  \\$avolume$2rdacarrier
=504  \\$aIncludes bibliographical references and index.
=546  \\$aTranslated from the French.
=650  \0$aMotion pictures.
=852  41$aBritish Library$bHMNTS$jYK.2006.a.8740$ivol. 1
=852  41$aBritish Library$bHMNTS$jYC.2005.a.662
=852  41$aBritish Library$bHMNTS$ivol. 2
=856  42$3Contributor biographical information$uhttp://www.loc.gov/catdir/bios/ucal052/2004049843.html
=856  42$3Publisher description$uhttp://www.loc.gov/catdir/description/ucal051/2004049843.html
=CAT  \\$aCONV$b00$c20040425$lBLL90$h0902
=CAT  \\$aCONV$b00$c20040502$lBLL01$h1520
=CAT  \\$a10746$b40$c20050216$lBLL01$h1119
=CAT  \\$a10746$b40$c20060327$lBLL01$h1210
=CAT  \\$aglobal_upd$b40$c20060417$lBLL01$h1507
=CAT  \\$aBATCH-UPD$b40$c20090212$lBLL01$h2221
=CAT  \\$a8874$b40$c20130926$lBLL01$h1305
=CAT  \\$aWR16_021$c20160610$lBLL01$h1939
=FIN  \\$aY
=FMT  \\$a  BK
=LAS  \\$aWR16_021$b00$c20160610$lBLL01$h1939
=SID  \\$aZ39$bLOC

