=LDR  02498 am a2200553 a 4500
=001  012985216
=003  Uk
=005  20060112162203.0
=008  031112s2004\\\\nhuabc\\\b\\\\001\0\eng\\
=FMT  \\$a  BK
=010  \\$a2003024628
=015  \\$aGBA613352$2bnb
=016  7\$a012985216$2Uk
=020  \\$a032500515X (sourcebook 1 : pbk.) :$cNo price
=020  \\$a0325005168 (sourcebook 2 : pbk.) :$cNo price
=020  \\$a0325005176 (sourcebook 3 : pbk.) :$cNo price
=020  \\$a0325005184 (sourcebook 4 : pbk.) :$cNo price
=020  \\$a0325005192 (sourcebook 5 : pbk.) :$cNo price
=040  \\$aDLC$beng$cDLC$dDLC$dUk
=042  \\$aukblsr
=043  \\$an-us---
=050  00$aE184.7$b.M34 2004
=082  00$a973.04960730071$222
=245  00$aMaking freedom :$bAfrican Americans in U.S. history /$ccompiled and edited by the curriculum specialists at Primary Source, Inc. ; foreword by James Oliver Horton.
=260  \\$aPortsmouth, NH :$bHeinemann,$cc2004.
=300  \\$a5 v. :$bill., maps, ports. ;$c24 cm. +$e5 CD-ROMs (4 3/4 in.).
=336  \\$atext$2rdacontent
=337  \\$aunmediated$2rdamedia
=338  \\$avolume$2rdacarrier
=504  \\$aIncludes bibliographical references and index.
=505  0\$asourcebook 1. True to our native land: beginnings to 1770 -- sourcebook 2. A song full of hope: 1770-1830 -- sourcebook 3. Lift ev'ry voice : 1830-1860 -- sourcebook 4. Our new day begun: 1861-1877 -- sourcebook 5. March on till victory: 1877-1970.
=538  \\$aSystem requirements for accompanying CD-ROM: IBM PC or compatible system; Microsoft Windows 95 or higher; or Macintosh; System 8 or higher.
=650  \0$aAfrican Americans$xHistory$xStudy and teaching.
=650  \0$aAfrican Americans$xHistory$vSources.
=710  2\$aPrimary Source, Inc.
=856  41$3Table of contents$uhttp://www.loc.gov/catdir/toc/ecip0411/2003024628.html
=852  41$aBritish Library$bHMNTS$isourcebook 4
=852  41$aBritish Library$bHMNTS$jEMC.2006.a.336$isourcebook 3
=852  41$aBritish Library$bHMNTS$jEMC.2006.a.274$isourcebook 2
=852  41$aBritish Library$bHMNTS$isourcebook 1
=852  41$aBritish Library$bHMNTS$jEMC.2006.a.139$isourcebook 5
=957  \\$aM/38738-04
=CAT  \\$a6923$b40$c20040907$lBLL01$h1132
=CAT  \\$a6923$b40$c20040907$lBLL01$h1133
=CAT  \\$a10932$b40$c20060112$lBLL01$h1622
=CAT  \\$aWR16_021$c20160610$lBLL01$h1954
=FIN  \\$aY$d20060112
=SID  \\$aZ39$bLOC
=LAS  \\$aWR16_021$b00$c20160610$lBLL01$h1954

