=LDR  03356cam a2200841 a 4500
=001  013288341
=003  Uk
=005  20220414112906.0
=008  050829s2006\\\\mau\\\\\\b\\\\001\0\eng\\
=FMT  \\$a  BK
=010  \\$a  2005024906
=015  \\$aGBA576044$2bnb
=016  7\$a013288341$2Uk
=020  \\$a9781405116220 (hbk.) :$c£85.00
=020  \\$a1405116226 (hbk.) :$c£85.00
=040  \\$aStDuBDS$beng$cStDuBDS$dUk
=042  \\$aukblsr
=050  00$aB3317$b.C619 2006
=082  00$a193$222
=245  02$aA companion to Nietzsche /$cedited by Keith Ansell Pearson.
=260  \\$aOxford :$bBlackwell,$c2006.
=300  \\$axxii, 600 p. ;$c26 cm.
=336  \\$atext$2rdacontent
=337  \\$aunmediated$2rdamedia
=338  \\$avolume$2rdacarrier
=490  1\$aBlackwell companions to philosophy ;$v33
=500  \\$aFormerly CIP.$5Uk
=504  \\$aIncludes bibliographical references and index.
=540  \\$aCurrent Copyright Fee: GBP32.00$c0$5Uk
=600  10$aNietzsche, Friedrich Wilhelm,$d1844-1900.
=700  1\$aAnsell-Pearson, Keith,$d1960-
=830  \0$aBlackwell companions to philosophy ;$v33.
=856  41$3Table of contents$uhttp://www.loc.gov/catdir/toc/ecip0518/2005024906.html
=852  41$aBritish Library$bDSC$i2107.569000$i33
=852  41$aBritish Library$bHMNTS$jYC.2006.b.1077
=BUF  \\$aN$d20060106
=CAT  \\$aBATCH-CIP$b00$c20051018$lBLL01$h1704
=CAT  \\$aglobal_upd$b40$c20060416$lBLL01$h1547
=CAT  \\$aUE-01$b00$c20060608$lBLL01$h0923
=CAT  \\$aBATCH-BUOC$b00$c20060803$lBLL01$h2140
=CAT  \\$aBATCH-UPD$b00$c20070630$lBLL01$h1955
=CAT  \\$aBATCH-UPD$b00$c20070925$lBLL01$h0348
=CAT  \\$aBATCH$b00$c20091217$lBLL01$h0400
=CAT  \\$aBATCH$b00$c20100103$lBLL01$h1154
=CAT  \\$aBATCH-CLA$b00$c20130525$lBLL01$h1802
=CAT  \\$aBATCH-CLA$b00$c20130526$lBLL01$h1616
=CAT  \\$aBLDSS-3PM$b00$c20141214$lBLL01$h1522
=CAT  \\$aBATCH-UPD$b00$c20141214$lBLL01$h1825
=CAT  \\$aBATCH-UPD$b00$c20150215$lBLL01$h1626
=CAT  \\$aIPL-CLA$c20150228$lBLL01$h2049
=CAT  \\$aWR16_021$c20160612$lBLL01$h1939
=CAT  \\$aBATCH-UPD$b00$c20160612$lBLL01$h1957
=CAT  \\$aW1703-0316$c20170306$lBLL01$h1824
=CAT  \\$aW1703-0316$c20170307$lBLL01$h1648
=CAT  \\$aIPL-CLA$c20170307$lBLL01$h1824
=CAT  \\$aBATCH-UPD$b00$c20180219$lBLL01$h1747
=CAT  \\$aBATCH-UPD$b00$c20181121$lBLL01$h1622
=CAT  \\$aIPL-CLA$c20181231$lBLL01$h1542
=CAT  \\$aBATCH-UPD$b00$c20200219$lBLL01$h1541
=CAT  \\$aIPL-CLA$c20200331$lBLL01$h1615
=CAT  \\$aBATCH-CLAB$c20220330$lBLL01$h1553
=CAT  \\$aIPL-CLA$c20220331$lBLL01$h2233
=CAT  \\$aDEL-3PM$c20220414$lBLL01$h1129
=CFI  0\$aCurrent Copyright Fee: GBP32.00$c0$e01-apr-2022$fGBP32.00$g0$hC$5Uk
=CFI  2\$aPrevious copyright fee: GBP32.00$c35\0$e01-apr-2020$fGBP32.00$g0$hP$5Uk
=FIN  \\$aY$d20060106
=TCO  \\$aCLA$bCLA$c008
=UNO  \\$aY
=ACF  \\$aPrevious copyright fee: GBP22.00$c10\0$e01-jan-2011$fGBP22.00$g0$hP$5Uk
=ACF  \\$aPrevious copyright fee: GBP24.00$c10\0$e01-mar-2015$fGBP24.00$g0$hP$5Uk
=ACF  \\$aPrevious copyright fee: GBP24.00$c35\0$e07-mar-2017$fGBP24.00$g0$hP$5Uk
=ACF  \\$aPrevious copyright fee: GBP28.00$c35\0$e01-jan-2019$fGBP28.00$g0$hP$5Uk
=LAS  \\$aDEL-3PM$b00$c20220414$lBLL01$h1129

