=LDR  02193pam a2200517 a 4500
=001  013499995
=003  Uk
=005  20081128131307.0
=008  060206s2006\\\\cauab\\\\b\\\\101\0\eng\\
=FMT  \\$a  BK
=010  \\$a  2006004171
=015  \\$aGBA657640$2bnb
=016  7\$a013499995$2Uk
=020  \\$a9780892368525 (pbk.) :$c£40.00
=020  \\$a0892368527 (pbk.) :$c£40.00
=040  \\$aStDuBDS$beng$cStDuBDS$dUk
=042  \\$aukblcatcopy
=043  \\$ae-be---$ae-ne---
=050  00$aND3171$b.F54 2006
=082  00$a745.67094931$222
=245  00$aFlemish manuscript painting in context :$brecent research /$cedited by Elizabeth Morrison and Thomas Kren.
=260  \\$aLos Angeles, Calif. :$bGetty ;$a[Garsington :$bWindsor, distributor],$cc2006.
=300  \\$aviii, 198 p. :$bill. (chiefly col.), map ;$c28 cm.
=336  \\$atext$2rdacontent
=337  \\$aunmediated$2rdamedia
=338  \\$avolume$2rdacarrier
=500  \\$a"Based on symposia held at the J. Paul Getty Museum Los Angeles (September 5-6, 2003), and at the Courtauld Institute of Art, London (February 21, 2004, under the sponsorship of the Courtauld Institute and the Royal Academy of Arts), with an additional essay by Margaret Scott."
=504  \\$aIncludes bibliographical references and index.
=500  \\$aFormerly CIP.$5Uk
=650  \0$aIllumination of books and manuscripts, Flemish$vCongresses.
=650  \0$aIllumination of books and manuscripts, Renaissance$zFlanders$vCongresses.
=700  1\$aMorrison, Elizabeth,$d1968-
=700  1\$aKren, Thomas,$d1950-
=710  2\$aJ. Paul Getty Museum.
=710  2\$aCourtauld Institute of Art.
=856  41$3Table of contents only$uhttp://www.loc.gov/catdir/toc/ecip068/2006004171.html
=852  11$aBritish Library$bHMNTS$cSPHOA$hMSS.745.679931
=852  41$aBritish Library$bHMNTS$jYC.2008.b.1564
=CAT  \\$aBATCH-CIP$b00$c20060627$lBLL01$h1701
=CAT  \\$c20060627$lBLL01$h1704
=CAT  \\$c20060627$lBLL01$h1720
=CAT  \\$a6524$b40$c20080126$lBLL01$h1237
=CAT  \\$a5375$b40$c20081128$lBLL01$h1313
=CAT  \\$aWR16_021$c20160614$lBLL01$h1816
=FIN  \\$aY$d20081128
=LAS  \\$aWR16_021$b00$c20160614$lBLL01$h1816

