=LDR  03833cam a2200697 a 4500
=001  013517049
=003  Uk
=005  20220331223844.0
=008  060302s2006\\\\njuaf\\\\b\\\\001\0\eng\\
=FMT  \\$a  BK
=010  \\$a  2006007195
=015  \\$aGBA664500$2bnb
=016  7\$a013517049$2Uk
=020  \\$a9780471770015 (hbk.) :$c£67.95
=020  \\$a0471770019 (hbk.) :$c£67.95
=040  \\$aStDuBDS$beng$cStDuBDS$dUk
=042  \\$aukblsr
=050  00$aQP606.P76$bG59 2006
=082  00$a572.567$222
=245  00$aGlycogen synthase kinase 3 (GSK-3) and its inhibitors :$bdrug discovery and development /$cedited by Ana Martinez, Ana Castro, Miguel Medina.
=260  \\$aHoboken, N.J. :$bWiley-Interscience;$aChichester :$bJohn Wiley [distributor],$c2006.
=300  \\$axxxi, 346 p., [8] p. of plates :$bill. (some col.) ;$c25 cm.
=336  \\$atext$2rdacontent
=337  \\$aunmediated$2rdamedia
=338  \\$avolume$2rdacarrier
=490  1\$aWiley series in drug discovery and development
=500  \\$aFormerly CIP.$5Uk
=504  \\$aIncludes bibliographical references and index.
=505  0\$aGlycogen synthase kinase 3: an introductory synopsis -- Glycogen synthase kinase-3[beta] (GSK-3[beta]) a key signaling enzyme: a developmental neurobiological perspective -- Role of GSK-3/Shaggy in neuronal cell biology -- The crystal structures of glycogen synthase kinase 3 -- Kinase-kinase and site-site interactions in the phosphorylation of tau by GSK-3 -- GSK-3, a key player in Alzheimer's disease -- Glycogen synthase kinase 3 : a target for novel mood disorder treatments -- GSK-3 and stem cells -- Glycogen synthase kinase 3 : role in neurodegeneration and neuroprotection --
=505  0\$aProtein kinase assays for drug discovery -- Animal models with modified expression of GSK-3 for the study of its physiology and of its implications in human pathologies -- Lithium, the seminal GSK-3 inhibitor -- Inhibition of GSK-3 as therapeutic strategy in disease : efficacy of AR-A014418 -- TDZD's: selective and ATP noncompetitive glycogen synthase kinase 3 inhibitors -- 3-amino pyrazoles as potent and selective glycogen kinase synthase (GSK-3) inhibitors -- Marine compounds as a new source for glycogen synthase kinase 3 inhibitors.
=540  \\$aCurrent Copyright Fee: GBP32.00$c0$5Uk
=650  \0$aGlycogen synthase kinase-3.
=650  \0$aGlycogen synthase kinase-3$xInhibitors.
=650  12$aGlycogen Synthase Kinase 3$xantagonists & inhibitors.
=650  12$aProtein Kinase Inhibitors$xtherapeutic use.
=650  22$aGlycogen Synthase Kinase 3$xphysiology.
=700  1\$aMartínez, Ana,$d1961-
=700  1\$aCastro, Ana.
=700  1\$aMedina, Miguel,$d1959-
=856  41$3Table of contents only$uhttp://www.loc.gov/catdir/toc/ecip069/2006007195.html
=830  \0$aWiley series in drug discovery and development.
=852  11$aBritish Library$bSTI$k572.567
=852  41$aBritish Library$bDSC$jm06/.39432
=BUF  \\$aN$d20061114
=CAT  \\$aBATCH-CIP$b00$c20060725$lBLL01$h1701
=CAT  \\$aBATCH$b00$c20060725$lBLL01$h1703
=CAT  \\$aBATCH$b00$c20060725$lBLL01$h1717
=CAT  \\$a11168$b40$c20061114$lBLL01$h1045
=CAT  \\$aBATCH$b00$c20061116$lBLL01$h0926
=CAT  \\$aBATCH$b00$c20061116$lBLL01$h0928
=CAT  \\$aBATCH-BUOC$b00$c20070201$lBLL01$h2137
=CAT  \\$aBATCH$b00$c20091217$lBLL01$h0427
=CAT  \\$aBATCH$b00$c20100103$lBLL01$h1221
=CAT  \\$aBATCH-UPD$b00$c20140124$lBLL01$h2056
=CAT  \\$aWR16_021$c20160615$lBLL01$h1807
=CAT  \\$aBATCH-UPD$b00$c20160615$lBLL01$h1832
=CAT  \\$aBATCH-CLAB$c20220330$lBLL01$h1706
=CAT  \\$aIPL-CLA$c20220331$lBLL01$h2238
=CFI  0\$aCurrent Copyright Fee: GBP32.00$c0$e01-apr-2022$fGBP32.00$g0$hC$5Uk
=FIN  \\$aY$d20061114
=LAS  \\$aIPL-CLA$b00$c20220331$lBLL01$h2238

