=LDR  02493aam a2200649 a 4500
=001  013578618
=003  Uk
=005  20080717215328.0
=008  060825s2007\\\\nyu\\\\\\b\\\\001\0\eng\\
=FMT  \\$a  BK
=010  \\$a  2006048205
=015  \\$aGBA688148$2bnb
=016  7\$a013578618$2Uk
=020  \\$a9781403975539 (hbk.) :$c£42.50
=020  \\$a1403975531 (hbk.) :$c£42.50
=040  \\$aStDuBDS$beng$cStDuBDS$dUk
=042  \\$aukblsr
=082  00$a327.5205$222
=245  10$aJapanese strategic thought toward Asia /$cGilbert Rozman, Kazuhiko Togo and Joseph P. Ferguson.
=260  \\$aNew York ;$aBasingstoke :$bPalgrave Macmillan,$c2007.
=300  \\$avi, 280 p. ;$c22 cm.
=336  \\$atext$2rdacontent
=337  \\$aunmediated$2rdamedia
=338  \\$avolume$2rdacarrier
=490  1\$aStrategic thought in Northeast Asia
=500  \\$aFormerly CIP.$5Uk
=504  \\$aIncludes bibliographical references and index.
=650  \0$aNational security$zJapan.
=650  \0$aStrategic culture$zJapan.
=651  \0$aJapan$xForeign relations$zAsia.
=651  \0$aAsia$xForeign relations$zJapan.
=651  \0$aJapan$xStrategic aspects.
=700  1\$aRozman, Gilbert.
=700  1\$aTōgō, Kazuhiko,$d1945-
=700  1\$aFerguson, Joseph P.
=856  42$3Contributor biographical information$uhttp://www.loc.gov/catdir/enhancements/fy0659/2006048205-b.html
=856  42$3Publisher description$uhttp://www.loc.gov/catdir/enhancements/fy0659/2006048205-d.html
=856  41$3Table of contents$uhttp://www.loc.gov/catdir/enhancements/fy0659/2006048205-t.html
=830  \0$aStrategic thought in Northeast Asia.
=852  41$aBritish Library$bDSC$im07/.29181
=852  41$aBritish Library$bHMNTS$jYC.2007.a.14249
=BUF  \\$aN$d20070816
=CAT  \\$aBATCH-CIP$b00$c20061017$lBLL01$h1701
=CAT  \\$aBATCH$b00$c20061017$lBLL01$h1702
=CAT  \\$aBATCH$b00$c20061017$lBLL01$h1708
=CAT  \\$aBATCH$b00$c20070119$lBLL01$h1211
=CAT  \\$aBATCH$b00$c20070119$lBLL01$h1215
=CAT  \\$a8440$b40$c20070816$lBLL01$h1214
=CAT  \\$aBATCH-BUOC$b00$c20080717$lBLL01$h2153
=CAT  \\$aBATCH-UPD$b00$c20081103$lBLL01$h0159
=CAT  \\$aBATCH$b00$c20091217$lBLL01$h0435
=CAT  \\$aBATCH$b00$c20100103$lBLL01$h1229
=CAT  \\$aBATCH-UPD$b00$c20101009$lBLL01$h0344
=CAT  \\$aWR16_021$c20160616$lBLL01$h1805
=CAT  \\$aBATCH-UPD$b00$c20160616$lBLL01$h1824
=FIN  \\$aY$d20070816
=LAS  \\$aBATCH-UPD$b00$c20160616$lBLL01$h1824

