=LDR  02630cam a2200541 a 4500
=001  013583891
=003  Uk
=005  20220331224036.0
=008  060301s2007\\\\enk\\\\\\\\\\\000\0\eng\d
=FMT  \\$a  BK
=010  \\$a  2006032511
=015  \\$aGBA689831$2bnb
=016  7\$a013583891$2Uk
=020  \\$a9780470025420 (pbk.) :$c£29.99
=020  \\$a0470025425 (pbk.) :$c£29.99
=040  \\$aStDuBDS$beng$cStDuBDS$dUk
=042  \\$aukblsr
=082  00$a615.82$222
=245  00$aRecent advances in physiotherapy /$cCecily Partridge, editor.
=260  \\$aChichester :$bJohn Wiley,$c2007.
=300  \\$a1 v.
=336  \\$atext$2rdacontent
=337  \\$aunmediated$2rdamedia
=338  \\$avolume$2rdacarrier
=500  \\$aFormerly CIP.$5Uk
=505  0\$aTreatment of the adult patient with non cystic fibrosis bronchiectasis / Jennifer Pryor -- Co-ordinated management of a patient in ICU with cardiorespiratory failure / Elizabeth Dean -- Management of pre and post operative surgical patients / Linda Denehy & Laura Browning -- Extrinsic feedback for motor learning after stroke in the upper limb / Paulette van Vliet & Katherine Durham -- Treadmill training in patients with stroke / Louise Ada and Cath Dean -- Evidence for the use of constraint therapy / Martine Nadler -- Introduction to pain / Lester Jones -- Exercise and self management interventions for the lower limb / Nicola Walsh -- Total knee replacement.
=540  \\$aCurrent Copyright Fee: GBP32.00$c0$5Uk
=650  \0$aPhysical therapy.
=650  12$aPhysical Therapy Modalities.
=700  1\$aPartridge, Cecily J.
=856  41$3Table of contents only$uhttp://www.loc.gov/catdir/toc/ecip072/2006032511.html
=856  42$3Contributor biographical information$uhttp://www.loc.gov/catdir/enhancements/fy0741/2006032511-b.html
=856  42$3Publisher description$uhttp://www.loc.gov/catdir/enhancements/fy0741/2006032511-d.html
=852  41$aBritish Library$bDSC$jm09/.16131
=852  11$aBritish Library$bSTI$k615.82
=BUF  \\$aN$d20070309
=CAT  \\$aBATCH-CIP$b00$c20061024$lBLL01$h1701
=CAT  \\$aBATCH$b00$c20061024$lBLL01$h1702
=CAT  \\$aBATCH$b00$c20061024$lBLL01$h1709
=CAT  \\$a12323$b40$c20070309$lBLL01$h1225
=CAT  \\$a12323$b40$c20070309$lBLL01$h1227
=CAT  \\$aBATCH-BUOC$b00$c20080124$lBLL01$h2144
=CAT  \\$aWR16_021$c20160616$lBLL01$h1806
=CAT  \\$aBATCH-CLAB$c20220330$lBLL01$h1642
=CAT  \\$aIPL-CLA$c20220331$lBLL01$h2240
=CFI  0\$aCurrent Copyright Fee: GBP32.00$c0$e01-apr-2022$fGBP32.00$g0$hC$5Uk
=FIN  \\$aY$d20070309
=LAS  \\$aIPL-CLA$b00$c20220331$lBLL01$h2240

