=LDR  02152 am a2200637 u 4500
=001  011084633
=003  Uk
=005  20050809152152.0
=008  010327s2002\\\\mau\\\\\\\\\\\000\0\eng\\
=FMT  \\$a  BK
=010  \\$a2001025966  
=015  \\$aGBA566731$2bnb
=019  g\$aadv5002836720
=019  a\$aG07248282
=020  \\$a0631222324 (cased) :$cNo price
=020  \\$a0631222332 (alk. paper : pbk.) :$cNo price
=040  \\$aUk$cUk$dUk
=042  \\$aukblsr
=050  00$aGN27$b.A673 2002
=082  00$a306$222
=245  04$aThe anthropology of globalization :$ba reader /$cedited by Jonathan Xavier Inda and Renato Rosaldo.
=260  \\$aMalden, Mass. ;$aOxford :$bBlackwell Publishers,$c2002.
=300  \\$axii, 498 p. ;$c25 cm.
=336  \\$atext$2rdacontent
=337  \\$aunmediated$2rdamedia
=338  \\$avolume$2rdacarrier
=490  0\$aBlackwell readers in anthropology ;$v1
=650  \0$aAnthropology.
=650  \0$aGlobalization.
=690  7\$aSocial Welfare$2blcoll
=700  1\$aInda, Jonathan Xavier.
=700  1\$aRosaldo, Renato.
=856  41$3Table of contents$uhttp://www.loc.gov/catdir/toc/fy051/2001025966.html
=852  41$aBritish Library$bHMNTS$jYC.2005.b.1176
=852  41$aBritish Library$bDSC$i2107.5922
=945  \\$aBlackwell readers in Anthropology ; v 1
=957  \\$r9/12/03$tM/36837-10
=966  \\$lACQUIS 23/11/2001
=CAT  \\$aCONV$b00$c20040425$lBLL90$h0653
=CAT  \\$aCONV$b00$c20040502$lBLL01$h1422
=CAT  \\$a8202$b40$c20050809$lBLL01$h1521
=CAT  \\$aglobal_upd$b40$c20060417$lBLL01$h1204
=CAT  \\$a12179$b40$c20070131$lBLL01$h1117
=CAT  \\$a12179$b40$c20070131$lBLL01$h1118
=CAT  \\$aBATCH$b00$c20091210$lBLL01$h0419
=CAT  \\$aBATCH$b00$c20091214$lBLL01$h0618
=CAT  \\$aBATCH$b00$c20100103$lBLL01$h1109
=CAT  \\$aBATCH$b00$c20110625$lBLL01$h0439
=CAT  \\$aBATCH-SWP4$c20110627$lBLL01$h1515
=FIN  \\$aY
=LDO  \\$aLDO$bhbk$c3/9/03
=LEO  \\$aMP8.0001728895
=SRC  \\$aLDS01$bbiblm.200404.2.aa
=SRC  \\$aDSC01$bbibmp8.200404.2.ac
=SRC  \\$aBLL02
=LAS  \\$aBATCH-SWP4$b00$c20110627$lBLL01$h1515

