=LDR  02392pam a2200637 a 4500
=001  006932236
=003  Uk
=005  20060112172130.0
=008  030701s2004\\\\mdua\\\\\b\\\\000\0\eng\\
=FMT  \\$a  BK
=010  \\$a  2003015032
=015  \\$aGBA4Y3369$2bnb
=016  7\$a006932236$2Uk
=019  y\$abA4Y3369
=019  9\$a0801878675
=020  \\$a0801878675 :$c£17.00
=039  0\$a2784
=040  \\$aStDuBDS$dUk
=041  1\$aeng$hfre
=042  \\$aukblsr
=050  00$aBF1409.5$b.C4313 2004
=082  00$a130$222
=100  1\$aCharpak, Georges.
=240  10$aDevenez sorciers, devenez savants$lEnglish
=245  10$aDebunked! :$bESP, telekinesis, and other pseudoscience /$cGeorges Charpak and Henri Broch ; translated by Bart K. Holland.
=260  \\$aBaltimore, Md. ;$aLondon :$bJohns Hopkins University Press,$c2004.
=300  \\$axxi, 136 p. :$bill. ;$c22 cm.
=336  \\$atext$2rdacontent
=337  \\$aunmediated$2rdamedia
=338  \\$avolume$2rdacarrier
=500  \\$aFormerly CIP.$5Uk
=504  \\$aIncludes bibliographical references.
=505  0\$aThe first steps in the initiation -- Amazing coincidences -- Let's play detective -- The right to dreams and clarity -- A new millennium dawn.
=597  \\$aMerged CIP onto LDO for Batch deduplication
=650  \0$aOccultism and science.
=700  1\$aBroch, Henri.
=856  42$3Contributor biographical information$uhttp://www.loc.gov/catdir/bios/jhu051/2003015032.html
=856  42$3Publisher description$uhttp://www.loc.gov/catdir/description/jhu051/2003015032.html
=856  41$3Table of contents$uhttp://www.loc.gov/catdir/toc/ecip046/2003015032.html
=852  41$aBritish Library$bHMNTS$jYK.2005.a.10214
=852  11$aBritish Library$bSTI$kEnquiry Desk Science 3 130
=BUF  \\$aN$d20060112
=CAT  \\$aCONV$b00$c20040425$lBLL90$h0538
=CAT  \\$aCONV$b00$c20040502$lBLL01$h1336
=CAT  \\$aCIP_LDO_M$b00$c20050604$lBLL01$h1519
=CAT  \\$a8299$b40$c20050907$lBLL01$h1214
=CAT  \\$aBATCH-BUOC$b00$c20060112$lBLL01$h1721
=CAT  \\$c20060124$lBLL01$h1654
=CAT  \\$aBATCH$b00$c20091118$lBLL01$h0210
=CAT  \\$aWR16_021$c20160608$lBLL01$h1740
=FIN  \\$aY$d20060112
=LDO  \\$aCIP
=LEO  \\$aMP5.0000277482
=SRC  \\$aLDS01$bbiblm.200404.2.aa
=SRC  \\$aBNB03$bbibmp5.200404.2.aa
=LAS  \\$aWR16_021$b00$c20160608$lBLL01$h1740

