=LDR  01987cam a2200505 i 4500
=001  020530056
=003  Uk
=005  20220401111249.0
=008  120917m20129999lo\a\\\\\s\\\f000\0\eng\\
=FMT  \\$a  BK
=010  \\$a  2012526739
=040  \\$aDLC$beng$cDLC$dDLC$dUk$erda
=042  \\$aukblsr
=043  \\$af-lo---
=050  00$aS473.L47$bA185 2012
=245  00$a2009/2010 Lesotho agricultural census.
=260  \\$aMaseru, Lesotho :$bMinistry of Finance and Development Planning :$bBureau of Statistics,$c[2012]-
=300  \\$avolumes :$billustrations (black and white, and colour) ;$c30 cm
=336  \\$atext$2rdacontent
=336  \\$astill image$2rdacontent
=337  \\$aunmediated$2rdamedia
=338  \\$avolume$2rdacarrier
=505  1\$av. 1. Rural households and crop statistics -- v. 2. Livestock report -- v. 3. Urban report -- v. 5. Community level data.
=500  \\$a"Kingdom of Lesotho".
=500  \\$a"January 2012."
=500  \\$a"Maseru, November 2012" -- volume III.
=500  \\$a"Maseru, April 2012"-- verso of title page, volume V.
=650  \0$aAgriculture$zLesotho$vStatistics.
=650  \0$aAgricultural surveys$zLesotho$vStatistics.
=651  \0$aLesotho$vStatistics.
=710  1\$aLesotho.$bBureau of Statistics.
=710  1\$aLesotho.$bMinistry of Finance and Development Planning.
=856  41$3Table of contents only$uhttp://www.loc.gov/catdir/toc/fy13pdf06/2012313350.html
=852  41$aBritish Library$bHMNTS$jOPB.2022.x.113$iVol. 1
=852  41$aBritish Library$bHMNTS$jOPB.2022.x.115$iVol. 3
=852  41$aBritish Library$bHMNTS$jOPB.2022.x.114
=852  41$aBritish Library$bHMNTS$iVol. 2
=CAT  \\$a10904$b40$c20220325$lBLL01$h1432
=CAT  \\$aBATCH-ROF$b00$c20220326$lBLL01$h1725
=CAT  \\$a11070$b40$c20220331$lBLL01$h1505
=CAT  \\$a11070$b40$c20220401$lBLL01$h1056
=CAT  \\$a11070$b40$c20220401$lBLL01$h1112
=FIN  \\$aY$d20220331
=SRC  \\$aBLL02
=LAS  \\$a11070$b40$c20220401$lBLL01$h1112

