=LDR  02423pam a2200577 i 4500
=001  017601676
=003  Uk
=005  20170330153748.0
=008  150702s2016\\\\enkb\\\\\b\\\\001\0\eng\d
=FMT  \\$a  BK
=010  \\$a  2015945525
=015  \\$aGBB5F6903$2bnb
=016  7\$a017601676$2Uk
=020  \\$a9780199696383 (hbk.) :$c£95.00
=020  \\$a0199696381 (hbk.) :$c£95.00
=035  \\$a(OCoLC)ocn939862891
=040  \\$aStDuBDS$beng$cStDuBDS$dUk$erda
=042  \\$aukblcatcopy
=050  00$aPN603$b.O95 2016
=082  04$a809.9145$223
=245  04$aThe Oxford handbook of European Romanticism /$cedited by Paul Hamilton.
=246  30$aEuropean Romanticism
=250  \\$aFirst edition.
=264  \1$aOxford :$bOxford University Press,$c2016.
=300  \\$axvii, 838 pages :$bmaps ;$c26 cm.
=336  \\$atext$2rdacontent
=336  \\$astill image$2rdacontent
=337  \\$aunmediated$2rdamedia
=338  \\$avolume$2rdacarrier
=490  1\$aOxford handbooks
=500  \\$aSeries statement from dust jacket.
=504  \\$aIncludes bibliographical references and index.
=520  \\$aThe Oxford handbook of European Romanticism focuses on the cultural history of the period extending from the French Revolution to the uprisings of 1848 across Europe. It brings together leading scholars in the field to examine the intellectual, literary, philosophical, and political elements of European Romanticism.
=500  \\$aFormerly CIP.$5Uk
=650  \0$aRomanticism$zEurope.
=650  \7$aRomanticism.$2fast$0(OCoLC)fst01100133
=651  \7$aEurope.$2fast$0(OCoLC)fst01245064
=700  1\$aHamilton, Paul,$d1950-$eeditor.
=830  \0$aOxford handbooks of literature.
=856  42$3Contributor biographical information$uhttps://www.loc.gov/catdir/enhancements/fy1614/2015945525-b.html
=856  42$3Publisher description$uhttps://www.loc.gov/catdir/enhancements/fy1614/2015945525-d.html
=856  41$3Table of contents only$uhttps://www.loc.gov/catdir/enhancements/fy1614/2015945525-t.html
=852  11$aBritish Library$bHMNTS$cSPHOA$kHLR 809.9145
=852  41$aBritish Library$bHMNTS$jYC.2017.b.984
=CAT  \\$aBATCH-CIPN$b00$c20151103$lBLL01$h1701
=CAT  \\$a11373$b40$c20160303$lBLL01$h0955
=CAT  \\$aWR16_021$c20160720$lBLL01$h1657
=CAT  \\$a6162$b40$c20170330$lBLL01$h1537
=FIN  \\$aY$d20170330
=SRC  \\$aBLL02
=LAS  \\$a6162$b40$c20170330$lBLL01$h1537

