=LDR  02797aam a2200577 i 4500
=001  017028423
=003  Uk
=005  20190813112346.0
=008  150108s2015\\\\enkabf\\\b\\\|0|1\0|eng\\
=FMT  \\$a  BK
=010  \\$a2014047990
=015  \\$aGBB510523$2bnb
=016  7\$a017028423$2Uk
=020  \\$a9781107090774$qhardback :$c£40.00
=040  \\$aStDuBDS$beng$cStDuBDS$dUk$erda
=042  \\$aukblsr
=082  00$a526.0956$223
=100  1\$aBrummett, Palmira Johnson,$d1950-$eauthor.
=245  10$aMapping the Ottomans :$bsovereignty, territory, and identity in the early modern Mediterranean /$cPalmira Brummett.
=264  \1$aNew York, NY :$bCambridge University Press,$c2015.
=300  \\$axvii, 365 pages, 16 unnumbered pages of plates :$billustrations (black and white, and colour), maps (black and white, and colour) ;$c27 cm
=336  \\$atext$2rdacontent
=336  \\$astill image$2rdacontent
=337  \\$aunmediated$2rdamedia
=338  \\$avolume$2rdacarrier
=500  \\$aFormerly CIP.$5Uk
=505  8\$aMachine generated contents note: 1. Introduction: mapping empire and 'Turks' on the map; 2. Reading and placing the 'Turk'; 3. Borders: the edge of Europe, the ends of empire, and the redemption of Christendom; 4. Sovereign space: the fortress as marker of possession; 5. Heads and skins: mapping the fallen Turk; 6. From Venice and Vienna to Istanbul: the travel space between Christendom and Islam; 7. Authority, travel, and the map; 8. Afterword: mapping the fault lines of empire and nation.
=504  \\$aIncludes bibliographical references and index.
=650  \0$aCartography$zTurkey$xHistory$y17th century.
=650  \0$aCartography$zEurope$xHistory$y17th century.
=650  \0$aReligion and geography.
=650  \0$aChristianity and other religions$xIslam$xHistory.
=650  \0$aIslam$xRelations$xChristianity$xHistory.
=650  \7$aHISTORY / Middle East / General.$2bisacsh
=651  \0$aTurkey$xHistory$yOttoman Empire, 1288-1918.
=856  42$3Cover image$uhttp://assets.cambridge.org/97811070/90774/cover/9781107090774.jpg
=852  41$aBritish Library$bHMNTS$jYC.2015.b.2143
=852  41$aBritish Library$bHMNTS$jYD.2019.b.1000
=852  11$aBritish Library$bMAPS$kMaps Ref. J. 11 (1)
=BUF  \\$aN$d20150923
=CAT  \\$aBATCH-CIPN$b00$c20150127$lBLL01$h1700
=CAT  \\$aBATCH-UPD$b00$c20150127$lBLL01$h1701
=CAT  \\$aBATCH-UPD$b00$c20150225$lBLL01$h2043
=CAT  \\$a6524$b40$c20150923$lBLL01$h1502
=CAT  \\$aWR16_021$c20160716$lBLL01$h1814
=CAT  \\$aBATCH-BUOC$b00$c20161124$lBLL01$h2124
=CAT  \\$a9666$b40$c20190812$lBLL01$h1121
=CAT  \\$a9666$b40$c20190812$lBLL01$h1123
=CAT  \\$a10999$b40$c20190813$lBLL01$h1123
=FIN  \\$aY$d20150923
=LAS  \\$a10999$b40$c20190813$lBLL01$h1123

