=LDR  05194 am a2200601 a 4500
=001  013631307
=003  Uk
=005  20070329213724.0
=008  060222s2006\\\\nyua\\\\\\\\\\011\0\eng\\
=010  \\$a  2006006139
=020  \\$a1600210929
=020  \\$a9781600210921
=020  \\$z9781600210921
=035  \\$a(OCoLC)ocm64589063
=040  \\$aDNLM/DLC$cDLC$dNLM$dBAKER$dC#P$dYDXCP$dDLC$dUk
=042  \\$aukblsr
=050  00$aTP248.2$b.N49 2006
=060  00$a2007 A-477
=060  10$aQU 450$bN532 2006
=082  00$a660.6$222
=245  00$aNew research on biotechnology and medicine /$cA.M. Egorov and Gennady Zaikov, editors.
=260  \\$aNew York :$bNova Biomedical Books,$cc2006.
=300  \\$axiii, 253 p. :$bill. ;$c27 cm.
=336  \\$atext$2rdacontent
=337  \\$aunmediated$2rdamedia
=338  \\$avolume$2rdacarrier
=504  \\$aIncludes bibliographical references and index.
=505  0\$aLiposomal antibiotics in treatment of chlamydioz / N.N. Ivanova -- Use of europium nanoparticles as a reporter in thyroxin fluorescent immunoassay / V.V. Jerdeva ... [et al.] -- Expression of human interleukin-18 in E. coli and biological activity of recombinant protein / E.A. Khrapov ... [et al.] -- Creation of the new foodstuffs on the basis of carotene of microbiological origin / L.V. Krichkovskaya ... [et al.] -- Genetic diversity and genomic evolution of particulary dangerous infectious agents of plague, cholera and anthrax / V.V. Kutyrev and N.I. Smirnova -- Elaboration of new approaches to the synthesis of pharmacologically active steroids / N.V. Lukashev ... [et al.] -- Biotechnology of nucleic acid constituents / Igor A. Mikhailopulo -- The general technique for the establishment of dependence between various bioobjects parameters / V.S. Sibintsev and A.V. Garabadzhiu -- Enzymatic transformation and synthesis of beta-Lactam antibiotics / A.V. Sklyarenko .. [et al.] --
=505  0\$aErythrocyte as a potential vehicle for mitoxantrone / T.A. Vuimo ... [et al.] -- Use of transgenic carrot plants producing human interleukin-18 for modulation of mouse immune response / E.V. Yakushenko ... [et al.] -- Prevention and treatment of postoperative complications in patients of carotid atherosclerosis / D.V. Yanshin -- Synergy of advanced virtual and high-throughput screening technologies for increasing productivity of small molecule drug discovery / Konstantin V. Balakin ... [et al.] -- HPLC quantification of hyaluronic acid by the products of its enzymatic degradation with streptococcus hyaluronate lyase / A.V. Beldoded ... [et al.] -- Biotechnological perspectives for obtaining and application of bacterial peptides in medicine and veterinary medicine / M.V. Bibikova ... [et al.] -- Inhibition of melanoma B16 growth in mice by liposomal forms of angiostatin and endostatin / A.V. Digtyar ... [et al.] -- Development of optimal conditions for production of compactin by strain 18-12 of penicillium citrium in labscale fermenter / V.V. Dzhavakhiya and T.M. Voinova --
=505  0\$aModulation of protein SER/THR inases in chloramphenicol resistant mutants of Streptomyces avermitilis / S.M. Elizarov ... [et al.] -- Research of influence of liposomal form of polynonsaturated fatty acids from the Baikal seal fat on transport of antituberculosis means / G.P. Lamazhapova ... [et al.] -- Nano-scaled polymeric aggregates with encapsulated model proteins / A.N. Kuskov ... [et al.] -- Perspectives of enzyme application in therapy / E.V. Lukasheva ... [et al.] -- Fragments of receptor-binding sites of EGF and TGF as vehicles for targeted delivery of antitumor drugs to human prostate carcinoma cells / S.V. Lutsenko ... [et al.] -- Inductor of interferon of a vegetable origin / Sh.I. Salikhov ... [et al.] -- The influence of melanin of microbe origin on the secondary metabolism of callous tissues of St. John's wort (Hypericum perforatum) and dyer's madder (Rubia tinctorum) / E.N. Shcherbakova ... [et al.] -- Obtaining the highly productive mutant penicillium citrinum producing compactin and optimization of fermentation process in shaken flasks / S.N. Ukraintseva ... [et al.].
=650  \0$aBiotechnology$xResearch.
=650  \0$aMedicine$xResearch.
=650  12$aGenetic Engineering$xmethods.
=650  22$aAnti-Bacterial Agents$xbiosynthesis.
=650  22$aNeoplasms$xdrug therapy.
=650  22$aPeptide Biosynthesis.
=700  1\$aEgorov, Alexei M.
=700  1\$aZaikov, G. E.$q(Gennadiĭ Efremovich),$d1935-
=852  11$aBritish Library$bSTI$k660.6
=852  41$aBritish Library$bDSC$jm07/.11696
=856  41$3Table of contents only$uhttp://www.loc.gov/catdir/toc/ecip069/2006006139.html
=BUF  \\$aN2$d20070116
=CAT  \\$aBATCH-APP$b00$c20061221$lBLL01$h1107
=CAT  \\$aBATCH$b00$c20061221$lBLL01$h1107
=CAT  \\$aBATCH$b00$c20061221$lBLL01$h1109
=CAT  \\$a6605$b40$c20070116$lBLL01$h1134
=CAT  \\$aBATCH-BUOC$b00$c20070329$lBLL01$h2137
=CAT  \\$aBATCH-UPD$b00$c20101017$lBLL01$h2153
=CAT  \\$aBATCH-UPD$b00$c20101022$lBLL01$h2050
=CAT  \\$aW1707-0052$c20170703$lBLL01$h1851
=FIN  \\$aY$d20070116
=FMT  \\$a  BK
=LAS  \\$aW1707-0052$b00$c20170703$lBLL01$h1851

