=LDR  02081cam a2200565 a 4500
=001  013761361
=003  Uk
=005  20220331224423.0
=008  070322s2008\\\\njuab\\\\b\\\\001\0\eng\\
=FMT  \\$a  BK
=010  \\$a  2007272985
=015  \\$aGBA743089$2bnb
=016  7\$a013761361$2Uk
=020  \\$a9780471755272 (pbk.) :$c£36.99
=020  \\$a0471755273 (pbk.) :$c£36.99
=040  \\$aStDuBDS$beng$cStDuBDS$dUk
=042  \\$aukblsr
=050  00$aHF1416$b.K68 2008
=082  04$a658.84$222
=100  1\$aKotabe, Masaaki.
=245  10$aGlobal marketing management /$cMasaaki Kotabe, Kristiaan Helsen.
=250  \\$a4th ed.
=260  \\$aHoboken, N.J. :$bWiley ;$aChichester :$bJohn Wiley [distributor],$cc2008.
=300  \\$axxii, 682 p., 12 p. of plates :$bill. (some col.), col. maps ;$c28 cm.
=336  \\$atext$2rdacontent
=337  \\$aunmediated$2rdamedia
=338  \\$avolume$2rdacarrier
=500  \\$aFormerly CIP.$5Uk
=504  \\$aIncludes bibliographical references and index.
=540  \\$aCurrent Copyright Fee: GBP32.00$c0$5Uk
=650  \0$aExport marketing$xManagement.
=650  \0$aInternational business enterprises$xManagement.
=690  7\$aManagement and Business Studies$2blcoll
=700  1\$aHelsen, Kristiaan.
=856  41$3Table of contents only$uhttp://www.loc.gov/catdir/toc/fy0708/2007272985.html
=852  41$aBritish Library$bDSC$jm08/.31827
=852  11$aBritish Library$bHMNTS$kSPIS$h658.84
=BUF  \\$aN$d20071206
=CAT  \\$aBATCH-CIP$b00$c20070605$lBLL01$h1701
=CAT  \\$aBATCH$b00$c20070605$lBLL01$h1702
=CAT  \\$aBATCH$b00$c20070605$lBLL01$h1708
=CAT  \\$a6923$b40$c20071206$lBLL01$h1340
=CAT  \\$aBATCH-BUOC$b00$c20071213$lBLL01$h2145
=CAT  \\$aBATCH$b00$c20090625$lBLL01$h1702
=CAT  \\$aWR16_021$c20160617$lBLL01$h1824
=CAT  \\$aBATCH-CLAB$c20220330$lBLL01$h1657
=CAT  \\$aIPL-CLA$c20220331$lBLL01$h2244
=CFI  0\$aCurrent Copyright Fee: GBP32.00$c0$e01-apr-2022$fGBP32.00$g0$hC$5Uk
=FIN  \\$aY$d20071206
=LAS  \\$aIPL-CLA$b00$c20220331$lBLL01$h2244

