=LDR  01841aam a2200541 a 4500
=001  013789800
=003  Uk
=005  20071123093934.0
=008  070706s2008\\\\paua\\\\\\\\\\001\0\eng\d
=010  \\$a  2007024577
=015  \\$aGBA753895$2bnb
=016  7\$a013789800$2Uk
=020  \\$a9781416041979 (pbk.) :$c£37.99
=020  \\$a1416041974 (pbk.) :$c£37.99
=040  \\$aStDuBDS$beng$cStDuBDS$dUk
=042  \\$aukblsr
=082  00$a617.461059$222
=245  10$aHandbook of dialysis therapy /$cAllen R. Nissenson, Richard N. Fine.
=246  13$aDialysis therapy
=250  \\$a4th ed.
=260  \\$aPhiladelphia, Pa. ;$aEdinburgh :$bElsevier Saunders,$cc2008.
=300  \\$axlii, 1583 p. :$bill. (some col.) ;$c19 cm.
=336  \\$atext$2rdacontent
=337  \\$aunmediated$2rdamedia
=338  \\$avolume$2rdacarrier
=500  \\$aFormerly CIP.$5Uk
=504  \\$aIncludes bibliographical references and index.
=650  \0$aHemodialysis.
=650  12$aRenal Dialysis.
=700  1\$aNissenson, Allen R.
=700  1\$aFine, Richard N.
=730  0\$aDialysis therapy.
=852  11$aBritish Library$bSTI$k617.461059
=852  41$aBritish Library$bDSC$jm07/.33725
=856  41$3Table of contents only$uhttp://www.loc.gov/catdir/toc/ecip0720/2007024577.html
=BUF  \\$aN$d20071018
=CAT  \\$aBATCH-CIP$b00$c20070710$lBLL01$h1701
=CAT  \\$aBATCH$b00$c20070710$lBLL01$h1703
=CAT  \\$aBATCH$b00$c20070710$lBLL01$h1711
=CAT  \\$aBATCH$b00$c20070802$lBLL01$h1337
=CAT  \\$aBATCH$b00$c20070802$lBLL01$h1345
=CAT  \\$a10958$b40$c20071018$lBLL01$h1458
=CAT  \\$aBATCH-BUOC$b00$c20071025$lBLL01$h2209
=CAT  \\$a12324$b40$c20071123$lBLL01$h0939
=CAT  \\$aWR16_021$c20160617$lBLL01$h1829
=FIN  \\$aY$d20071018
=FMT  \\$a  BK
=LAS  \\$aWR16_021$b00$c20160617$lBLL01$h1829

