=LDR  03280cam a2200637 a 4500
=001  016062872
=003  Uk
=005  20220331231754.0
=008  120327s2012\\\\enka\\\\\\\\\\000\0\eng|d
=FMT  \\$a  BK
=010  \\$a2012013671  
=015  \\$aGBB233548$2bnb
=016  7\$a016062872$2Uk
=020  \\$a9781107019768 (hbk.) :$c£27.99
=020  \\$a1107019761 (hbk.) :$c£27.99
=040  \\$aStDuBDS$beng$cStDuBDS$dUk
=042  \\$aukblsr
=082  00$a338.04$223
=100  1\$aKressel, Henry.
=245  10$aEntrepreneurship in the global economy :$bengine for economic growth /$cHenry Kressel, Thomas V. Lento.
=260  \\$aCambridge :$bCambridge University Press,$c2012.
=300  \\$axii, 266 p. :$bill. ;$c24 cm.
=336  \\$atext$2rdacontent
=337  \\$aunmediated$2rdamedia
=338  \\$avolume$2rdacarrier
=500  \\$aFormerly CIP.$5Uk
=504  \\$aIncludes bibliographical references and index.
=505  8\$aMachine generated contents note: List of figures; List of tables; Introduction; 1. Government: boss, financial partner, regulator - entrepreneurs in mixed economies; 2. Standing still is not an option - on promoting entrepreneurship and economic growth; 3. Electronic innovation and the government: David Sarnoff builds the RCA empire; 4. Global problem, golden opportunity: Ron Stanton profits from market disruption; 5. Speeding voice and data traffic worldwide: network microprocessors from RMI; 6. Building a world leader: SanDisk and flash memories; 7. Implementing information technology across the globe; 8. Three start-ups in China - entrepreneurs in a controlled economy; 9. Connecting the wireless networks of the world; 10. Building an economy: government planning vs. entrepreneurial innovation; Bibliography; Index.
=540  \\$aCurrent Copyright Fee: GBP25.00$c0$5Uk
=650  \0$aEntrepreneurship.
=650  \0$aEconomic development.
=650  \0$aFree trade.
=650  \0$aIndustrial policy.
=650  \0$aEconomic policy.
=650  \0$aGlobalization$xEconomic aspects.
=650  \7$aBUSINESS & ECONOMICS / Entrepreneurship.$2bisacsh
=690  7\$aManagement and Business Studies$2blcoll
=700  1\$aLento, Thomas V.
=856  42$3Cover image$uhttp://assets.cambridge.org/97811070/19768/cover/9781107019768.jpg
=856  42$3Contributor biographical information$uhttp://www.loc.gov/catdir/enhancements/fy1210/2012013671-b.html
=856  42$3Publisher description$uhttp://www.loc.gov/catdir/enhancements/fy1210/2012013671-d.html
=856  41$3Table of contents only$uhttp://www.loc.gov/catdir/enhancements/fy1210/2012013671-t.html
=852  11$aBritish Library$bSTI$cBIPC
=852  41$aBritish Library$bDSC$jm12/.14032
=BUF  \\$aN$d20120730
=CAT  \\$aBATCH-CIPN$b00$c20120403$lBLL01$h1700
=CAT  \\$a6923$b40$c20120730$lBLL01$h1038
=CAT  \\$aBATCH-MBS$c20120810$lBLL01$h2122
=CAT  \\$aBATCH-BUOC$b00$c20130704$lBLL01$h2324
=CAT  \\$aBATCH-MBS$c20130712$lBLL01$h2123
=CAT  \\$aWR16_021$c20160704$lBLL01$h1806
=CAT  \\$aBATCH-CLAB$c20220330$lBLL01$h1653
=CAT  \\$aIPL-CLA$c20220331$lBLL01$h2317
=CFI  0\$aCurrent Copyright Fee: GBP25.00$c0$e01-apr-2022$fGBP25.00$g0$hC$5Uk
=FIN  \\$aY$d20120730
=LAS  \\$aIPL-CLA$b00$c20220331$lBLL01$h2317

